@article{Author: Sindre Schei year:2016,
 author = {Name1, Firstname 1 and Name2, Firstname2},
 title = {Understanding Data Analysis in an End-to-End IoT System},
 journal = {A Fake Journal},
 issue_date = {Jan 2016},
 volume = {1},
 number = {1},
 month = jun,
 year = {2016},
 issn = {0000-0000},
 pages = {000--000},
 numpages = {10},
} 




